@article{kitamura2001asymptotic,
  title={Asymptotic optimality of empirical likelihood for testing moment restrictions},
  author={Kitamura, Yuichi},
  journal={Econometrica},
  volume={69},
  number={6},
  pages={1661--1672},
  year={2001},
  publisher={Wiley Online Library}
}

@article{chen1993smoothed,
  title={Smoothed empirical likelihood confidence intervals for quantiles},
  author={Chen, Song Xi and Hall, Peter},
  journal={The Annals of Statistics},
  pages={1166--1181},
  year={1993},
  publisher={JSTOR}
}
@book{mittelhammer2000econometric,
  title={Econometric Foundations Pack with CD-ROM},
  author={Mittelhammer, Ron C and Judge, George G and Miller, Douglas J},
  volume={1},
  year={2000},
  publisher={Cambridge University Press}
}

@article{owen1991empirical,
  title={Empirical likelihood for linear models},
  author={Owen, Art},
  journal={The Annals of Statistics},
  pages={1725--1747},
  year={1991},
  publisher={JSTOR}
}

@article{chen1993accuracy,
  title={On the accuracy of empirical likelihood confidence regions for linear regression model},
  author={Chen, Song Xi},
  journal={Annals of the Institute of Statistical Mathematics},
  volume={45},
  number={4},
  pages={621--637},
  year={1993},
  publisher={Springer}
}

@article{chen1994empirical,
  title={Empirical likelihood confidence intervals for linear regression coefficients},
  author={Chen, Song Xi},
  journal={Journal of Multivariate Analysis},
  volume={49},
  number={1},
  pages={24--40},
  year={1994},
  publisher={Elsevier}
}

@article{jing1995two,
  title={Two-sample empirical likelihood method},
  author={Jing, Bing-Yi},
  journal={Statistics \& probability letters},
  volume={24},
  number={4},
  pages={315--319},
  year={1995},
  publisher={Elsevier}
}

@article{adimari1995empirical,
  title={Empirical likelihood confidence intervals for the difference between means},
  author={Adimari, G},
  journal={STATISTICA-BOLOGNA-},
  volume={55},
  pages={87--94},
  year={1995},
  publisher={COOPERATIVA LIBRARIA UNIVERSITARIA EDITRICE}
}

@article{davidian1987variance,
  title={Variance function estimation},
  author={Davidian, Marie and Carroll, Raymond J},
  journal={Journal of the American Statistical Association},
  volume={82},
  number={400},
  pages={1079--1091},
  year={1987},
  publisher={Taylor \& Francis Group}
}

@article{kolaczyk1995information,
  title={An information criterion for empirical likelihood with general estimating equations},
  author={Kolaczyk, Eric D},
  journal={Unpublished manuscript, Department of Statistics, University of Chicago},
  year={1995}
}

@article{kolaczyk1994empirical,
  title={Empirical likelihood for generalized linear models},
  author={Kolaczyk, Eric D},
  journal={Statistica Sinica},
  volume={4},
  number={1},
  pages={199--218},
  year={1994}
}
@article{hall1993empirical,
  title={Empirical likelihood confidence bands in density estimation},
  author={Hall, Peter and Owen, Art B},
  journal={Journal of Computational and Graphical Statistics},
  volume={2},
  number={3},
  pages={273--289},
  year={1993},
  publisher={Taylor \& Francis Group}
}

@article{biao1998note,
  title={A note on kernel density estimation with auxiliary information},
  author={Biao Zhang, Biao Zhang},
  journal={Communications in Statistics-Theory and Methods},
  volume={27},
  number={1},
  pages={1--11},
  year={1998},
  publisher={Taylor \& Francis}
}

@article{chen1997empirical,
  title={EMPIRICAL LIKELIHOOD-BASED KERNEL DENSITY ESTIMATION},
  author={Chen, Song Xi},
  journal={Australian Journal of Statistics},
  volume={39},
  number={1},
  pages={47--56},
  year={1997},
  publisher={Wiley Online Library}
}

@article{chen2000empirical,
  title={Empirical likelihood confidence intervals for local linear smoothers},
  author={Chen, Song Xi and Qin, Yong Song},
  journal={Biometrika},
  volume={87},
  number={4},
  pages={946--953},
  year={2000},
  publisher={Biometrika Trust}
}

@article{qin1993empirical,
  title={Empirical likelihood in biased sample problems},
  author={Qin, Jing},
  journal={The Annals of Statistics},
  pages={1182--1196},
  year={1993},
  publisher={JSTOR}
}

@article{qin1997goodness,
  title={A goodness-of-fit test for logistic regression models based on case-control data},
  author={Qin, Jing and Zhang, Biao},
  journal={Biometrika},
  volume={84},
  number={3},
  pages={609--618},
  year={1997},
  publisher={Biometrika Trust}
}

@article{qin1999empirical,
  title={Empirical likelihood ratio based confidence intervals for mixture proportions},
  author={Qin, Jing and others},
  journal={The Annals of Statistics},
  volume={27},
  number={4},
  pages={1368--1384},
  year={1999},
  publisher={Institute of Mathematical Statistics}
}

@article{qin1998semiparametric,
  title={Semiparametric likelihood based method for goodness of fit tests and estimation in upgraded mixture models},
  author={Qin, Jing},
  journal={Scandinavian journal of statistics},
  volume={25},
  number={4},
  pages={681--691},
  year={1998},
  publisher={Wiley Online Library}
}

@article{murphy1995likelihood,
  title={Likelihood ratio-based confidence intervals in survival analysis},
  author={Murphy, SA},
  journal={Journal of the American Statistical Association},
  volume={90},
  number={432},
  pages={1399--1405},
  year={1995},
  publisher={Taylor \& Francis Group}
}
@article{adimari1997empirical,
  title={Empirical likelihood type confidence intervals under random censorship},
  author={Adimari, Gianfranco},
  journal={Annals of the Institute of Statistical Mathematics},
  volume={49},
  number={3},
  pages={447--466},
  year={1997},
  publisher={Springer}
}
@article{pan2002empirical,
  title={Empirical likelihood ratio in terms of cumulative hazard function for censored data},
  author={Pan, Xiao-Rong and Zhou, Mai},
  journal={Journal of Multivariate Analysis},
  volume={80},
  number={1},
  pages={166--188},
  year={2002},
  publisher={Elsevier}
}
@article{murphy1997semiparametric,
  title={Semiparametric likelihood ratio inference},
  author={Murphy, Susan A and van der Vaart, Aad W},
  journal={The Annals of Statistics},
  pages={1471--1509},
  year={1997},
  publisher={JSTOR}
}
@article{mykland1995dual,
  title={Dual likelihood},
  author={Mykland, Per Aslak},
  journal={The Annals of Statistics},
  pages={396--421},
  year={1995},
  publisher={JSTOR}
}
@article{owen1995nonparametric,
  title={Nonparametric likelihood confidence bands for a distribution function},
  author={Owen, Art B},
  journal={Journal of the American Statistical Association},
  volume={90},
  number={430},
  pages={516--521},
  year={1995},
  publisher={Taylor \& Francis Group}
}
@article{hollander1997likelihood,
  title={Likelihood ratio-based confidence bands for survival functions},
  author={Hollander, Myles and McKeague, Ian W and McKeague, Ian W},
  journal={Journal of the American Statistical Association},
  volume={92},
  number={437},
  pages={215--226},
  year={1997},
  publisher={Taylor \& Francis Group}
}
@article{zhang1996confidence,
  title={Confidence intervals for a distribution function in the presence of auxiliary information},
  author={Zhang, Biao},
  journal={Computational statistics \& data analysis},
  volume={21},
  number={3},
  pages={327--342},
  year={1996},
  publisher={Elsevier}
}

@article{zhang1999bootstrapping,
  title={Bootstrapping with auxiliary information},
  author={Zhang, Biao},
  journal={Canadian Journal of Statistics},
  volume={27},
  number={2},
  pages={237--249},
  year={1999},
  publisher={Wiley Online Library}
}
@article{chuang2002empirical,
  title={Empirical likelihood for autoregressive models, with applications to unstable time series},
  author={Chuang, Chin-Shan and Chan, Ngai Hang},
  journal={Statistica Sinica},
  volume={12},
  number={2},
  pages={387--408},
  year={2002},
  publisher={C/O DR HC HO, INST STATISTICAL SCIENCE, ACADEMIA SINICA, TAIPEI 115, TAIWAN}
}
@article{kitamura1997empirical,
  title={Empirical likelihood methods with weakly dependent processes},
  author={Kitamura, Yuichi and others},
  journal={The Annals of Statistics},
  volume={25},
  number={5},
  pages={2084--2102},
  year={1997},
  publisher={Institute of Mathematical Statistics}
}
@article{monti1997empirical,
  title={Empirical likelihood confidence regions in time series models},
  author={Monti, Anna Clara},
  journal={Biometrika},
  volume={84},
  number={2},
  pages={395--405},
  year={1997},
  publisher={Biometrika Trust}
}
@article{chen1993empirical,
  title={Empirical likelihood estimation for finite populations and the effective usage of auxiliary information},
  author={Chen, Jiahua and Qin, Jing},
  journal={Biometrika},
  volume={80},
  number={1},
  pages={107--116},
  year={1993},
  publisher={Biometrika Trust}
}
@article{chen1999pseudo,
  title={A pseudo empirical likelihood approach to the effective use of auxiliary information in complex surveys},
  author={Chen, Jiahua and Sitter, RR},
  journal={Statistica Sinica},
  volume={9},
  number={2},
  pages={385--406},
  year={1999},
  publisher={C/O DR HC HO, INST STATISTICAL SCIENCE, ACADEMIA SINICA, TAIPEI 115, TAIWAN}
}

@article{wu2001model,
  title={A model-calibration approach to using complete auxiliary information from survey data},
  author={Wu, Changbao and Sitter, Randy R},
  journal={Journal of the American Statistical Association},
  volume={96},
  number={453},
  pages={185--193},
  year={2001},
  publisher={Taylor \& Francis}
}
@article{loh1996latin,
  title={On Latin hypercube sampling},
  author={Loh, Wei-Liem and others},
  journal={The annals of statistics},
  volume={24},
  number={5},
  pages={2058--2080},
  year={1996},
  publisher={Institute of Mathematical Statistics}
}
@article{hall1999biased,
  title={Biased bootstrap methods for reducing the effects of contamination},
  author={Hall, Peter and Presnell, Brett},
  journal={Journal of the Royal Statistical Society. Series B, Statistical Methodology},
  pages={661--680},
  year={1999},
  publisher={JSTOR}
}
@article{diciccio1991empirical,
  title={Empirical likelihood is Bartlett-correctable},
  author={DiCiccio, Thomas and Hall, Peter and Romano, Joseph},
  journal={The Annals of Statistics},
  pages={1053--1061},
  year={1991},
  publisher={JSTOR}
}
@article{zhang1996accuracy,
  title={On the accuracy of empirical likelihood confidence intervals for M-functionals},
  author={Zhang, Biao},
  journal={Journal of Nonparametric Statistics},
  volume={6},
  number={4},
  pages={311--321},
  year={1996},
  publisher={Taylor \& Francis}
}
@article{lazar1999empirical,
  title={Empirical likelihood in the presence of nuisance parameters},
  author={Lazar, Nicole A and Mykland, Per Aslak},
  journal={Biometrika},
  volume={86},
  number={1},
  pages={203--211},
  year={1999},
  publisher={Biometrika Trust}
}
@article{molanes2009empirical,
  title={Empirical Likelihood for Non-Smooth Criterion Functions},
  author={Molanes Lopez, Elisa M and KEILEGOM, INGRID VAN and Veraverbeke, No{\"e}l},
  journal={Scandinavian Journal of Statistics},
  volume={36},
  number={3},
  pages={413--432},
  year={2009},
  publisher={Wiley Online Library}
}
@article{whang2006smoothed,
  title={Smoothed empirical likelihood methods for quantile regression models},
  author={Whang, Yoon-Jae},
  journal={Econometric Theory},
  volume={22},
  number={02},
  pages={173--205},
  year={2006},
  publisher={Cambridge Univ Press}
}
@article{tsao2014extended,
  title={Extended empirical likelihood for estimating equations},
  author={Tsao, Min and Wu, Fan},
  journal={Biometrika},
  pages={asu014},
  year={2014},
  publisher={Biometrika Trust}
}
@article{bandyopadhyay2015frequency,
  title={A frequency domain empirical likelihood method for irregularly spaced spatial data},
  author={Bandyopadhyay, Soutir and Lahiri, Soumendra N and Nordman, Daniel J and others},
  journal={The Annals of Statistics},
  volume={43},
  number={2},
  pages={519--545},
  year={2015},
  publisher={Institute of Mathematical Statistics}
}
@article{tsao2004bounds,
  title={Bounds on coverage probabilities of the empirical likelihood ratio confidence regions},
  author={Tsao, Min and others},
  journal={The Annals of Statistics},
  volume={32},
  number={3},
  pages={1215--1221},
  year={2004},
  publisher={Institute of Mathematical Statistics}
}
@article{nordman2007empirical,
  title={Empirical likelihood confidence intervals for the mean of a long-range dependent process},
  author={Nordman, Daniel J and Sibbertsen, Philipp and Lahiri, Soumendra N},
  journal={Journal of Time Series Analysis},
  volume={28},
  number={4},
  pages={576--599},
  year={2007},
  publisher={Wiley Online Library}
}
@article{hjort2009extending,
  title={Extending the scope of empirical likelihood},
  author={Hjort, Nils Lid and McKeague, Ian W and Van Keilegom, Ingrid},
  journal={The Annals of Statistics},
  pages={1079--1111},
  year={2009},
  publisher={JSTOR}
}
@article{chen2009effects,
  title={Effects of data dimension on empirical likelihood},
  author={Chen, Song Xi and Peng, Liang and Qin, Ying-Li},
  journal={Biometrika},
  volume={96},
  number={3},
  pages={711--722},
  year={2009},
  publisher={Biometrika Trust}
}
@article{chenlarge,
  title={Large dimensional empirical likelihood},
  author={Chen, Binbin and Pan, Guangming and Yang, Qing and Zhou, Wang}
}
@article{chen2006bartlett,
  title={On Bartlett correction of empirical likelihood in the presence of nuisance parameters},
  author={Chen, Song Xi and Cui, Hengjian},
  journal={Biometrika},
  volume={93},
  number={1},
  pages={215--220},
  year={2006},
  publisher={Biometrika Trust}
}

@article{tang2010penalized,
  title={Penalized high-dimensional empirical likelihood},
  author={Tang, Cheng Yong and Leng, Chenlei},
  journal={Biometrika},
  volume={97},
  number={4},
  pages={905--920},
  year={2010},
  publisher={Biometrika Trust}
}
@article{leng2012penalized,
  title={Penalized empirical likelihood and growing dimensional general estimating equations},
  author={Leng, Chenlei and Tang, Cheng Yong},
  journal={Biometrika},
  volume={99},
  number={3},
  pages={703--716},
  year={2012},
  publisher={Biometrika Trust}
}
@article{chen2008adjusted,
  title={Adjusted empirical likelihood and its properties},
  author={Chen, Jiahua and Variyath, Asokan Mulayath and Abraham, Bovas},
  journal={Journal of Computational and Graphical Statistics},
  volume={17},
  number={2},
  pages={426--443},
  year={2008},
  publisher={Taylor \& Francis}
}
@article{emerson2009calibration,
  title={Calibration of the empirical likelihood method for a vector mean},
  author={Emerson, Sarah C and Owen, Art B and others},
  journal={Electronic Journal of Statistics},
  volume={3},
  pages={1161--1192},
  year={2009},
  publisher={Institute of Mathematical Statistics}
}
@article{bartolucci2007penalized,
  title={A penalized version of the empirical likelihood ratio for the population mean},
  author={Bartolucci, Francesco},
  journal={Statistics \& probability letters},
  volume={77},
  number={1},
  pages={104--110},
  year={2007},
  publisher={Elsevier}
}
@article{lahiri2012penalized,
  title={A penalized empirical likelihood method in high dimensions},
  author={Lahiri, Soumendra N and Mukhopadhyay, Subhadeep and others},
  journal={The Annals of Statistics},
  volume={40},
  number={5},
  pages={2511--2540},
  year={2012},
  publisher={Institute of Mathematical Statistics}
}
@article{wang2011empirical,
  title={Empirical likelihood for quantile regression models with longitudinal data},
  author={Wang, Huixia Judy and Zhu, Zhongyi},
  journal={Journal of Statistical Planning and Inference},
  volume={141},
  number={4},
  pages={1603--1615},
  year={2011},
  publisher={Elsevier}
}
@article{chen2009smoothed,
  title={Smoothed block empirical likelihood for quantiles of weakly dependent processes},
  author={Chen, Song Xi and Wong, Chiu Min},
  journal={Statistica Sinica},
  volume={19},
  number={1},
  pages={71},
  year={2009}
}

@article{lancaster2010bayesian,
  title={Bayesian quantile regression methods},
  author={Lancaster, Tony and Jae Jun, Sung},
  journal={Journal of Applied Econometrics},
  volume={25},
  number={2},
  pages={287--307},
  year={2010},
  publisher={Wiley Online Library}
}

@article{chang2008bayesian,
  title={Bayesian and frequentist confidence intervals arising from empirical-type likelihoods},
  author={Chang, In Hong and Mukerjee, Rahul},
  journal={Biometrika},
  volume={95},
  number={1},
  pages={139--147},
  year={2008},
  publisher={Biometrika Trust}
}

@article{grendar2009asymptotic,
  title={Asymptotic equivalence of empirical likelihood and Bayesian MAP},
  author={Grend{\'a}r, Marian and Judge, George},
  journal={The Annals of Statistics},
  pages={2445--2457},
  year={2009},
  publisher={JSTOR}
}
@article{peng2004empirical,
  title={Empirical-likelihood-based confidence interval for the mean with a heavy-tailed distribution},
  author={Peng, Liang},
  journal={Annals of Statistics},
  pages={1192--1214},
  year={2004},
  publisher={JSTOR}
}
@article{mckinley2009inference,
  title={Inference in epidemic models without likelihoods},
  author={McKinley, Trevelyan and Cook, Alex R and Deardon, Robert},
  journal={The International Journal of Biostatistics},
  volume={5},
  number={1},
  year={2009}
}
@article{ratmann2009model,
  title={Model criticism based on likelihood-free inference, with an application to protein network evolution},
  author={Ratmann, Oliver and Andrieu, Christophe and Wiuf, Carsten and Richardson, Sylvia},
  journal={Proceedings of the National Academy of Sciences},
  volume={106},
  number={26},
  pages={10576--10581},
  year={2009},
  publisher={National Acad Sciences}
}
@article{sisson2007sequential,
  title={Sequential monte carlo without likelihoods},
  author={Sisson, Scott A and Fan, Yanan and Tanaka, Mark M},
  journal={Proceedings of the National Academy of Sciences},
  volume={104},
  number={6},
  pages={1760--1765},
  year={2007},
  publisher={National Acad Sciences}
}

@article{beaumont2009adaptive,
  title={Adaptive approximate Bayesian computation},
  author={Beaumont, Mark A and Cornuet, Jean-Marie and Marin, Jean-Michel and Robert, Christian P},
  journal={Biometrika},
  pages={asp052},
  year={2009},
  publisher={Biometrika Trust}
}
@article{toni2009approximate,
  title={Approximate Bayesian computation scheme for parameter inference and model selection in dynamical systems},
  author={Toni, Tina and Welch, David and Strelkowa, Natalja and Ipsen, Andreas and Stumpf, Michael PH},
  journal={Journal of the Royal Society Interface},
  volume={6},
  number={31},
  pages={187--202},
  year={2009},
  publisher={The Royal Society}
}
@article{beaumont2002approximate,
  title={Approximate Bayesian computation in population genetics},
  author={Beaumont, Mark A and Zhang, Wenyang and Balding, David J},
  journal={Genetics},
  volume={162},
  number={4},
  pages={2025--2035},
  year={2002},
  publisher={Genetics Soc America}
}
@article{blum2010non,
  title={Non-linear regression models for Approximate Bayesian Computation},
  author={Blum, Michael GB and Fran{\c{c}}ois, Olivier},
  journal={Statistics and Computing},
  volume={20},
  number={1},
  pages={63--73},
  year={2010},
  publisher={Springer}
}
@article{leuenberger2010bayesian,
  title={Bayesian computation and model selection without likelihoods},
  author={Leuenberger, Christoph and Wegmann, Daniel},
  journal={Genetics},
  volume={184},
  number={1},
  pages={243--252},
  year={2010},
  publisher={Genetics Soc America}
}
@article{biau2012new,
  title={New insights into approximate bayesian computation},
  author={Biau, G{\'e}rard and C{\'e}rou, Fr{\'e}d{\'e}ric and Guyader, Arnaud},
  journal={arXiv preprint arXiv:1207.6461},
  year={2012}
}
@article{ratmann2013statistical,
  title={Statistical modelling of summary values leads to accurate Approximate Bayesian Computations},
  author={Ratmann, Oliver and Camacho, Anton and Meijer, Adam and Donker, G{\'e}},
  journal={arXiv preprint arXiv:1305.4283},
  year={2013}
}
@article{ratmann2013statistical,
  title={Statistical modelling of summary values leads to accurate Approximate Bayesian Computations},
  author={Ratmann, Oliver and Camacho, Anton and Meijer, Adam and Donker, G{\'e}},
  journal={arXiv preprint arXiv:1305.4283},
  year={2013}
}
@article{aeschbacher2012novel,
  title={A novel approach for choosing summary statistics in approximate Bayesian computation},
  author={Aeschbacher, Simon and Beaumont, Mark A and Futschik, Andreas},
  journal={Genetics},
  volume={192},
  number={3},
  pages={1027--1047},
  year={2012},
  publisher={Genetics Soc America}
}
@article{barthelme2014expectation,
  title={Expectation propagation for likelihood-free inference},
  author={Barthelm{\'e}, Simon and Chopin, Nicolas},
  journal={Journal of the American Statistical Association},
  volume={109},
  number={505},
  pages={315--333},
  year={2014},
  publisher={Taylor \& Francis}
}
@article{baragatti2013likelihood,
  title={Likelihood-free parallel tempering},
  author={Baragatti, Me{\"\i}li and Grimaud, Agn{\`e}s and Pommeret, Denys},
  journal={Statistics and Computing},
  volume={23},
  number={4},
  pages={535--549},
  year={2013},
  publisher={Springer}
}
@article{cook1994interpretation,
  title={On the interpretation of regression plots},
  author={Cook, R Dennis},
  journal={Journal of the American Statistical Association},
  volume={89},
  number={425},
  pages={177--189},
  year={1994},
  publisher={Taylor \& Francis}
}
@article{yin2002dimension,
  title={Dimension reduction for the conditional kth moment in regression},
  author={Yin, Xiangrong and Cook, R Dennis},
  journal={Journal of the Royal Statistical Society: Series B (Statistical Methodology)},
  volume={64},
  number={2},
  pages={159--175},
  year={2002},
  publisher={Wiley Online Library}
}
@article{zhu2009dimension,
  title={Dimension reduction for conditional variance in regressions},
  author={Zhu, Li-Ping and Zhu, Li-Xing},
  journal={Statistica Sinica},
  volume={19},
  number={2},
  pages={869},
  year={2009}
}
@article{zhu1996asymptotics,
  title={Asymptotics for kernel estimate of sliced inverse regression},
  author={Zhu, Li-Xing and Fang, Kai-Tai and others},
  journal={The Annals of Statistics},
  volume={24},
  number={3},
  pages={1053--1068},
  year={1996},
  publisher={Institute of Mathematical Statistics}
}
@article{zhu2007hybrid,
  title={On hybrid methods of inverse regression-based algorithms},
  author={Zhu, Li-Xing and Ohtaki, Megu and Li, Yingxing},
  journal={Computational statistics \& data analysis},
  volume={51},
  number={5},
  pages={2621--2635},
  year={2007},
  publisher={Elsevier}
}
@article{li2007directional,
  title={On directional regression for dimension reduction},
  author={Li, Bing and Wang, Shaoli},
  journal={Journal of the American Statistical Association},
  volume={102},
  number={479},
  pages={997--1008},
  year={2007},
  publisher={Taylor \& Francis}
}
@article{zhu2010sufficient,
  title={Sufficient dimension reduction through discretization-expectation estimation},
  author={Zhu, Liping and Wang, Tao and Zhu, Lixing and Ferr{\'e}, Louis},
  journal={Biometrika},
  volume={97},
  number={2},
  pages={295--304},
  year={2010},
  publisher={Biometrika Trust}
}
@article{zhu2010dimension,
  title={Dimension reduction in regressions through cumulative slicing estimation},
  author={Zhu, Li-Ping and Zhu, Li-Xing and Feng, Zheng-Hui},
  journal={Journal of the American Statistical Association},
  volume={105},
  number={492},
  pages={1455--1466},
  year={2010},
  publisher={Taylor \& Francis}
}
@article{li2005contour,
  title={Contour regression: a general approach to dimension reduction},
  author={Li, Bing and Zha, Hongyuan and Chiaromonte, Francesca},
  journal={Annals of statistics},
  pages={1580--1616},
  year={2005},
  publisher={JSTOR}
}
@article{dong2010dimension,
  title={Dimension reduction for non-elliptically distributed predictors: second-order methods},
  author={Dong, Yuexiao and Li, Bing},
  journal={Biometrika},
  volume={97},
  number={2},
  pages={279--294},
  year={2010},
  publisher={Biometrika Trust}
}
@article{li1989regression,
  title={Regression analysis under link violation},
  author={Li, Ker-Chau and Duan, Naihua},
  journal={The Annals of Statistics},
  pages={1009--1052},
  year={1989},
  publisher={JSTOR}
}
@article{li1992principal,
  title={On principal Hessian directions for data visualization and dimension reduction: another application of Stein's lemma},
  author={Li, Ker-Chau},
  journal={Journal of the American Statistical Association},
  volume={87},
  number={420},
  pages={1025--1039},
  year={1992},
  publisher={Taylor \& Francis}
}
@article{cook2002dimension,
  title={Dimension reduction for conditional mean in regression},
  author={Cook, R Dennis and Li, Bing},
  journal={Annals of Statistics},
  pages={455--474},
  year={2002},
  publisher={JSTOR}
}
@article{aragon1997gauss,
  title={A Gauss implementation of multivariate sliced inverse regression},
  author={Aragon, Y},
  journal={Computational Statistics},
  volume={12},
  number={3},
  pages={355--372},
  year={1997},
  publisher={PHYSICA VERLAG GMBH TIERGARTENSTRASSE 17, 69121 HEIDELBERG, GERMANY}
}
@article{hsing1999nearest,
  title={Nearest neighbor inverse regression},
  author={Hsing, Tailen},
  journal={Annals of statistics},
  pages={697--731},
  year={1999},
  publisher={JSTOR}
}

@article{setodji2004k,
  title={K-means inverse regression},
  author={Setodji, C Messan and Cook, R Dennis},
  journal={Technometrics},
  volume={46},
  number={4},
  pages={421--429},
  year={2004},
  publisher={Taylor \& Francis}
}
@article{cook2003model,
  title={A model-free test for reduced rank in multivariate regression},
  author={Cook, R Dennis and Setodji, C Messan},
  journal={Journal of the American Statistical Association},
  volume={98},
  number={462},
  pages={340--351},
  year={2003},
  publisher={Taylor \& Francis}
}
@article{saracco2005asymptotics,
  title={Asymptotics for pooled marginal slicing estimator based on SIR$\alpha$ approach},
  author={Saracco, J{\'e}r{\^o}me},
  journal={Journal of multivariate Analysis},
  volume={96},
  number={1},
  pages={117--135},
  year={2005},
  publisher={Elsevier}
}
@article{yin2006moment,
  title={Moment-based dimension reduction for multivariate response regression},
  author={Yin, Xiangrong and Bura, Efstathia},
  journal={Journal of Statistical Planning and Inference},
  volume={136},
  number={10},
  pages={3675--3688},
  year={2006},
  publisher={Elsevier}
}
@article{li2008projective,
  title={On a projective resampling method for dimension reduction with multivariate responses},
  author={Li, Bing and Wen, Songqiao and Zhu, Lixing},
  journal={Journal of the American Statistical Association},
  volume={103},
  number={483},
  pages={1177--1186},
  year={2008},
  publisher={Taylor \& Francis}
}
@article{zhu2010dimension,
  title={On dimension reduction in regressions with multivariate responses},
  author={Zhu, Li-Ping and Zhu, Li-Xing and Wen, Song-Qiao},
  journal={Statistica Sinica},
  volume={20},
  number={3},
  pages={1291--1307},
  year={2010}
}
@article{xia2007constructive,
  title={A constructive approach to the estimation of dimension reduction directions},
  author={Xia, Yingcun},
  journal={The Annals of Statistics},
  pages={2654--2690},
  year={2007},
  publisher={JSTOR}
}
@article{wang2008sliced,
  title={Sliced regression for dimension reduction},
  author={Wang, Hansheng and Xia, Yingcun},
  journal={Journal of the American Statistical Association},
  volume={103},
  number={482},
  pages={811--821},
  year={2008},
  publisher={Taylor \& Francis}
}
@article{hernandez2005dimension,
  title={Dimension reduction in nonparametric kernel discriminant analysis},
  author={Hern{\'a}ndez, Adolfo and Velilla, Santiago},
  journal={Journal of Computational and Graphical Statistics},
  volume={14},
  number={4},
  pages={847--866},
  year={2005},
  publisher={Taylor \& Francis}
}
@article{yin2005direction,
  title={Direction estimation in single-index regressions},
  author={Yin, Xiangrong and Cook, R Dennis},
  journal={Biometrika},
  volume={92},
  number={2},
  pages={371--384},
  year={2005},
  publisher={Biometrika Trust}
}
@article{yin2008successive,
  title={Successive direction extraction for estimating the central subspace in a multiple-index regression},
  author={Yin, Xiangrong and Li, Bing and Cook, R Dennis},
  journal={Journal of Multivariate Analysis},
  volume={99},
  number={8},
  pages={1733--1757},
  year={2008},
  publisher={Elsevier}
}
@article{ma2012semiparametric,
  title={A semiparametric approach to dimension reduction},
  author={Ma, Yanyuan and Zhu, Liping},
  journal={Journal of the American Statistical Association},
  volume={107},
  number={497},
  pages={168--179},
  year={2012},
  publisher={Taylor \& Francis}
}
@article{schott1994determining,
  title={Determining the dimensionality in sliced inverse regression},
  author={Schott, James R},
  journal={Journal of the American Statistical Association},
  volume={89},
  number={425},
  pages={141--148},
  year={1994},
  publisher={Taylor \& Francis Group}
}
@article{velilla1998assessing,
  title={Assessing the number of linear components in a general regression problem},
  author={Velilla, Santiago},
  journal={Journal of the American Statistical Association},
  volume={93},
  number={443},
  pages={1088--1098},
  year={1998},
  publisher={Taylor \& Francis}
}
@article{bura2001extending,
  title={Extending sliced inverse regression: The weighted chi-squared test},
  author={Bura, Efstathia and Cook, R Dennis},
  journal={Journal of the American Statistical Association},
  volume={96},
  number={455},
  pages={996--1003},
  year={2001},
  publisher={Taylor \& Francis}
}
@article{cook2001special,
  title={Special invited paper: Dimension reduction and visualization in discriminant analysis},
  author={Cook, R Dennis and Yin, Xiangrong},
  journal={Australian and New Zealand Journal of Statistics},
  volume={43},
  number={2},
  pages={147--199},
  year={2001}
}
@article{cook2005sufficient,
  title={Sufficient dimension reduction via inverse regression},
  author={Cook, R Dennis and Ni, Liqiang},
  journal={Journal of the American Statistical Association},
  volume={100},
  number={470},
  year={2005}
}
@article{cook2004determining,
  title={Determining the dimension of iterative Hessian transformation},
  author={Cook, R Dennis and Li, Bing and others},
  journal={The Annals of Statistics},
  volume={32},
  number={6},
  pages={2501--2531},
  year={2004},
  publisher={Institute of Mathematical Statistics}
}
@article{ye2003using,
  title={Using the bootstrap to select one of a new class of dimension reduction methods},
  author={Ye, Zhishen and Weiss, Robert E},
  journal={Journal of the American Statistical Association},
  volume={98},
  number={464},
  year={2003}
}
@article{zhu2006fourier,
  title={Fourier methods for estimating the central subspace and the central mean subspace in regression},
  author={Zhu, Yu and Zeng, Peng},
  journal={Journal of the American Statistical Association},
  volume={101},
  number={476},
  pages={1638--1651},
  year={2006},
  publisher={Taylor \& Francis}
}
@article{zhu2006sliced,
  title={On sliced inverse regression with high-dimensional covariates},
  author={Zhu, Lixing and Miao, Baiqi and Peng, Heng},
  journal={Journal of the American Statistical Association},
  volume={101},
  number={474},
  year={2006}
}
@article{zhu2007kernel,
  title={On kernel method for sliced average variance estimation},
  author={Zhu, Li-Ping and Zhu, Li-Xing},
  journal={Journal of Multivariate Analysis},
  volume={98},
  number={5},
  pages={970--991},
  year={2007},
  publisher={Elsevier}
}
@article{luo2009contour,
  title={Contour projected dimension reduction},
  author={Luo, Ronghua and Wang, Hansheng and Tsai, Chih-Ling and others},
  journal={The Annals of Statistics},
  volume={37},
  number={6B},
  pages={3743--3778},
  year={2009},
  publisher={Institute of Mathematical Statistics}
}
@article{zhu2010sparse,
  title={A sparse eigen-decomposition estimation in semiparametric regression},
  author={Zhu, Li-Ping and Yu, Zhou and Zhu, Li-Xing},
  journal={Computational Statistics \& Data Analysis},
  volume={54},
  number={4},
  pages={976--986},
  year={2010},
  publisher={Elsevier}
}
@article{efron2004least,
  title={Least angle regression},
  author={Efron, Bradley and Hastie, Trevor and Johnstone, Iain and Tibshirani, Robert and others},
  journal={The Annals of statistics},
  volume={32},
  number={2},
  pages={407--499},
  year={2004},
  publisher={Institute of Mathematical Statistics}
}
@article{li2007partial,
  title={Partial inverse regression},
  author={Li, Lexin and Cook, R Dennis and Tsai, Chih-Ling},
  journal={Biometrika},
  year={2007},
  publisher={Biometrika Trust}
}
@article{cook2007dimension,
  title={Dimension reduction in regression without matrix inversion},
  author={Cook, R Dennis and Li, Bing and Chiaromonte, Francesca},
  journal={Biometrika},
  volume={94},
  number={3},
  pages={569--584},
  year={2007},
  publisher={Biometrika Trust}
}
@article{zhu2009distribution,
  title={On distribution-weighted partial least squares with diverging number of highly correlated predictors},
  author={Zhu, Li-Ping and Zhu, Li-Xing},
  journal={Journal of the Royal Statistical Society: Series B (Statistical Methodology)},
  volume={71},
  number={2},
  pages={525--548},
  year={2009},
  publisher={Wiley Online Library}
}
@article{zhu2010dimension,
  title={Dimension Reduction via an Alternating Inverse Regression},
  author={Zhu, Li-Ping and Yin, Xiangrong and Zhu, Li-Xing},
  journal={Journal of Computational and Graphical Statistics},
  volume={19},
  number={4},
  year={2010}
}
@article{zhu2011model,
  title={Model-free feature screening for ultrahigh-dimensional data},
  author={Zhu, Li-Ping and Li, Lexin and Li, Runze and Zhu, Li-Xing},
  journal={Journal of the American Statistical Association},
  volume={106},
  number={496},
  year={2011}
}
@techreport{wu2008consistency,
  title={Consistency of regularized sliced inverse regression for kernel models},
  author={Wu, Qiang and Liang, Feng and Mukherjee, Sayan},
  year={2008},
  institution={Technical report. Duke University and University of Illinois Urbana-Champaign}
}
@article{cook2009likelihood,
  title={Likelihood-based sufficient dimension reduction},
  author={Cook, R Dennis and Forzani, Liliana},
  journal={Journal of the American Statistical Association},
  volume={104},
  number={485},
  pages={197--208},
  year={2009},
  publisher={Taylor \& Francis}
}
@article{ma2013review,
  title={A review on dimension reduction},
  author={Ma, Yanyuan and Zhu, Liping},
  journal={International Statistical Review},
  volume={81},
  number={1},
  pages={134--150},
  year={2013},
  publisher={Wiley Online Library}
}
@article{vexler2013nonparametric,
  title={Nonparametric Bayes factors based on empirical likelihood ratios},
  author={Vexler, Albert and Deng, Wei and Wilding, Gregory E},
  journal={Journal of statistical planning and inference},
  volume={143},
  number={3},
  pages={611--620},
  year={2013},
  publisher={Elsevier}
}
@article{ruli2013approximate,
  title={Approximate Bayesian computation with composite score functions},
  author={Ruli, Erlis and Sartori, Nicola and Ventura, Laura},
  journal={Statistics and Computing},
  pages={1--14},
  year={2013},
  publisher={Springer}
}
@article{wang2014transformed,
  title={Transformed sufficient dimension reduction},
  author={Wang, Tao and Guo, Xu and Zhu, L and Xu, P},
  journal={Biometrika},
  pages={asu037},
  year={2014},
  publisher={Biometrika Trust}
}
@article{lee2013general,
  title={A general theory for nonlinear sufficient dimension reduction: Formulation and estimation},
  author={Lee, Kuang-Yao and Li, Bing and Chiaromonte, Francesca and others},
  journal={The Annals of Statistics},
  volume={41},
  number={1},
  pages={221--249},
  year={2013},
  publisher={Institute of Mathematical Statistics}
}
@article{blum2013comparative,
  title={A comparative review of dimension reduction methods in approximate Bayesian computation},
  author={Blum, Michael GB and Nunes, Maria Antonieta and Prangle, Dennis and Sisson, Scott A and others},
  journal={Statistical Science},
  volume={28},
  number={2},
  pages={189--208},
  year={2013},
  publisher={Institute of Mathematical Statistics}
}
@article{chang2015high,
  title={High dimensional generalized empirical likelihood for moment restrictions with dependent data},
  author={Chang, Jinyuan and Chen, Song Xi and Chen, Xiaohong},
  journal={Journal of Econometrics},
  volume={185},
  number={1},
  pages={283--304},
  year={2015},
  publisher={Elsevier}
}
@article{picchini2014inference,
  title={Inference for SDE models via approximate Bayesian computation},
  author={Picchini, Umberto},
  journal={Journal of Computational and Graphical Statistics},
  volume={23},
  number={4},
  pages={1080--1100},
  year={2014},
  publisher={Taylor \& Francis}
}
@article{lee2014variance,
  title={Variance bounding and geometric ergodicity of Markov chain Monte Carlo kernels for approximate Bayesian computation},
  author={Lee, Anthony and {\L}atuszy{\'n}ski, Krzysztof},
  journal={Biometrika},
  volume={101},
  number={3},
  pages={655--671},
  year={2014},
  publisher={Biometrika Trust}
}
@article{rao2010bayesian,
  title={Bayesian pseudo-empirical-likelihood intervals for complex surveys},
  author={Rao, JNK and Wu, Changbao},
  journal={Journal of the Royal Statistical Society: Series B (Statistical Methodology)},
  volume={72},
  number={4},
  pages={533--544},
  year={2010},
  publisher={Wiley Online Library}
}
