@article{black1973pricing,
  title={The pricing of options and corporate liabilities},
  author={Black, Fischer and Scholes, Myron},
  journal={The journal of political economy},
  pages={637--654},
  year={1973},
  publisher={JSTOR}
}
@article{merton1973intertemporal,
  title={An intertemporal capital asset pricing model},
  author={Merton, Robert C},
  journal={Econometrica: Journal of the Econometric Society},
  pages={867--887},
  year={1973},
  publisher={JSTOR}
}
@article{rubinstein1985nonparametric,
  title={Nonparametric tests of alternative option pricing models using all reported trades and quotes on the 30 most active CBOE option classes from August 23, 1976 through August 31, 1978},
  author={Rubinstein, Mark},
  journal={The Journal of Finance},
  volume={40},
  number={2},
  pages={455--480},
  year={1985},
  publisher={Wiley Online Library}
}

@article{melino1990pricing,
  title={Pricing foreign currency options with stochastic volatility},
  author={Melino, Angelo and Turnbull, Stuart M},
  journal={Journal of Econometrics},
  volume={45},
  number={1},
  pages={239--265},
  year={1990},
  publisher={Elsevier}
}
@article{scott1987option,
  title={Option pricing when the variance changes randomly: Theory, estimation, and an application},
  author={Scott, Louis O},
  journal={Journal of Financial and Quantitative analysis},
  volume={22},
  number={04},
  pages={419--438},
  year={1987},
  publisher={Cambridge Univ Press}
}
@article{hull1987pricing,
  title={The pricing of options on assets with stochastic volatilities},
  author={Hull, John and White, Alan},
  journal={The journal of finance},
  volume={42},
  number={2},
  pages={281--300},
  year={1987},
  publisher={Wiley Online Library}
}
@article{wiggins1987option,
  title={Option values under stochastic volatility: Theory and empirical estimates},
  author={Wiggins, James B},
  journal={Journal of financial economics},
  volume={19},
  number={2},
  pages={351--372},
  year={1987},
  publisher={Elsevier}
}
@article{heston1993closed,
  title={A closed-form solution for options with stochastic volatility with applications to bond and currency options},
  author={Heston, Steven L},
  journal={Review of financial studies},
  volume={6},
  number={2},
  pages={327--343},
  year={1993},
  publisher={Soc Financial Studies}
}
@article{duan1995garch,
  title={The GARCH option pricing model},
  author={Duan, Jin-Chuan and others},
  journal={Mathematical finance},
  volume={5},
  number={1},
  pages={13--32},
  year={1995}
}
@article{heston2000closed,
  title={A closed-form GARCH option valuation model},
  author={Heston, Steven L and Nandi, Saikat},
  journal={Review of Financial Studies},
  volume={13},
  number={3},
  pages={585--625},
  year={2000},
  publisher={Soc Financial Studies}
}

@article{bates1996jumps,
  title={Jumps and stochastic volatility: Exchange rate processes implicit in deutsche mark options},
  author={Bates, David S},
  journal={Review of financial studies},
  volume={9},
  number={1},
  pages={69--107},
  year={1996},
  publisher={Soc Financial Studies}
}
@article{bakshi1997empirical,
  title={Empirical performance of alternative option pricing models},
  author={Bakshi, Gurdip and Cao, Charles and Chen, Zhiwu},
  journal={The Journal of Finance},
  volume={52},
  number={5},
  pages={2003--2049},
  year={1997},
  publisher={Wiley Online Library}
}
@article{kou2002jump,
  title={A jump-diffusion model for option pricing},
  author={Kou, Steven G},
  journal={Management science},
  volume={48},
  number={8},
  pages={1086--1101},
  year={2002},
  publisher={INFORMS}
}
@article{carr1999option,
  title={Option valuation using the fast Fourier transform},
  author={Carr, Peter and Madan, Dilip},
  journal={Journal of computational finance},
  volume={2},
  number={4},
  pages={61--73},
  year={1999}
}
@article{duffie2000transform,
  title={TRANSFORM ANALYSIS AND ASSET PRICING FOR AFFINE JUMP-DIFFUSIONS BY DARRELL DUFFIE, JUN PAN, AND KENNETH SINGLETON},
  author={DUFFIE, DARRELL and PAN, JUN},
  journal={Econometrica},
  volume={68},
  number={6},
  pages={13431376},
  year={2000}
}
@article{bakshi2000spanning,
  title={Spanning and derivative-security valuation},
  author={Bakshi, Gurdip and Madan, Dilip},
  journal={Journal of Financial Economics},
  volume={55},
  number={2},
  pages={205--238},
  year={2000},
  publisher={Elsevier}
}
@article{carr2009saddlepoint,
  title={Saddlepoint methods for option pricing},
  author={Carr, Peter and Madan, Dilip},
  journal={Journal of Computational Finance},
  volume={13},
  number={1},
  pages={49},
  year={2009}
}
@article{hutchinson1994nonparametric,
  title={A nonparametric approach to pricing and hedging derivative securities via learning networks},
  author={Hutchinson, James M and Lo, Andrew W and Poggio, Tomaso},
  journal={The Journal of Finance},
  volume={49},
  number={3},
  pages={851--889},
  year={1994},
  publisher={Wiley Online Library}
}
@article{ait1998nonparametric,
  title={Nonparametric estimation of state-price densities implicit in financial asset prices},
  author={A{\"\i}t-Sahalia, Yacine and Lo, Andrew W},
  journal={The Journal of Finance},
  volume={53},
  number={2},
  pages={499--547},
  year={1998},
  publisher={Wiley Online Library}
}
@article{stutzer1996simple,
  title={A simple nonparametric approach to derivative security valuation},
  author={Stutzer, Michael},
  journal={The Journal of Finance},
  volume={51},
  number={5},
  pages={1633--1652},
  year={1996},
  publisher={Wiley Online Library}
}

@article{ait1996nonparametric,
  title={Nonparametric pricing of interest rate derivatives},
  author={Ait-Sahalia, Yacine},
  journal={Econometrica},
  volume={64},
  pages={527--560},
  year={1996}
}
@article{owen1990empirical,
  title={Empirical likelihood ratio confidence regions},
  author={Owen, Art},
  journal={The Annals of Statistics},
  pages={90--120},
  year={1990},
  publisher={JSTOR}
}

@article{diciccio1989adjustments,
  title={On adjustments based on the signed root of the empirical likelihood ratio statistic},
  author={Diciccio, Thomas J and Romano, Joseph P},
  journal={Biometrika},
  volume={76},
  number={3},
  pages={447--456},
  year={1989},
  publisher={Biometrika Trust}
}
@article{hall1990methodology,
  title={Methodology and algorithms of empirical likelihood},
  author={Hall, Peter and La Scala, Barbara},
  journal={International Statistical Review/Revue Internationale de Statistique},
  pages={109--127},
  year={1990},
  publisher={JSTOR}
}
@article{chan2006empirical,
  title={Empirical likelihood for GARCH models},
  author={Chan, Ngai Hang and Ling, Shiqing},
  journal={Econometric Theory},
  volume={22},
  number={03},
  pages={403--428},
  year={2006},
  publisher={Cambridge Univ Press}
}
@article{yau2012empirical,
  title={Empirical likelihood in long-memory time series models},
  author={Yau, Chun Yip},
  journal={Journal of Time Series Analysis},
  volume={33},
  number={2},
  pages={269--275},
  year={2012},
  publisher={Wiley Online Library}
}
@article{huang1988foundations,
  title={Foundations for financial economics},
  author={Huang, Chi-fu and Litzenberger, Robert H},
  year={1988}
}



@article{peng2015class,
  title={ON A CLASS OF MAXIMUM EMPIRICAL LIKELIHOOD ESTIMATORS},
  author={Peng, Hanxiang},
  year={2015}
}