@book{wilkinson2011stochastic,
  title={Stochastic modelling for systems biology},
  author={Wilkinson, Darren J},
  year={2011},
  publisher={CRC press}
}

@article{picchini2014inference,
  title={Inference for SDE models via approximate Bayesian computation},
  author={Picchini, Umberto},
  journal={Journal of Computational and Graphical Statistics},
  volume={23},
  number={4},
  pages={1080--1100},
  year={2014},
  publisher={Taylor \& Francis}
}
@article{jasra2012filtering,
  title={Filtering via approximate Bayesian computation},
  author={Jasra, Ajay and Singh, Sumeetpal S and Martin, James S and McCoy, Emma},
  journal={Statistics and Computing},
  volume={22},
  number={6},
  pages={1223--1237},
  year={2012},
  publisher={Springer}
}

@article{tierney1986accurate,
  title={Accurate approximations for posterior moments and marginal densities},
  author={Tierney, Luke and Kadane, Joseph B},
  journal={Journal of the american statistical association},
  volume={81},
  number={393},
  pages={82--86},
  year={1986},
  publisher={Taylor \& Francis Group}
}

@article{jaakkola2000bayesian,
  title={Bayesian parameter estimation via variational methods},
  author={Jaakkola, Tommi S and Jordan, Michael I},
  journal={Statistics and Computing},
  volume={10},
  number={1},
  pages={25--37},
  year={2000},
  publisher={Springer}
}

@article{johnson1970asymptotic,
  title={Asymptotic expansions associated with posterior distributions},
  author={Johnson, Richard A},
  journal={The Annals of Mathematical Statistics},
  volume={41},
  number={3},
  pages={851--864},
  year={1970},
  publisher={Institute of Mathematical Statistics}
}

@article{rubin1984bayesianly,
  title={Bayesianly justifiable and relevant frequency calculations for the applied statistician},
  author={Rubin, Donald B},
  journal={The Annals of Statistics},
  volume={12},
  number={4},
  pages={1151--1172},
  year={1984},
  publisher={Institute of Mathematical Statistics}
}

@article{tavare1997inferring,
  title={Inferring coalescence times from DNA sequence data},
  author={Tavar{\'e}, Simon and Balding, David J and Griffiths, Robert C and Donnelly, Peter},
  journal={Genetics},
  volume={145},
  number={2},
  pages={505--518},
  year={1997},
  publisher={Genetics Soc America}
}

@article{pritchard1999population,
  title={Population growth of human Y chromosomes: a study of Y chromosome microsatellites.},
  author={Pritchard, Jonathan K and Seielstad, Mark T and Perez-Lezaun, Anna and Feldman, Marcus W},
  journal={Molecular biology and evolution},
  volume={16},
  number={12},
  pages={1791--1798},
  year={1999},
  publisher={SMBE}
}

@book{robert2013monte,
  title={Monte Carlo statistical methods},
  author={Robert, Christian and Casella, George},
  year={2013},
  publisher={Springer Science \& Business Media}
}

@article{fearnhead2012constructing,
  title={Constructing summary statistics for approximate Bayesian computation: semi-automatic approximate Bayesian computation},
  author={Fearnhead, Paul and Prangle, Dennis},
  journal={Journal of the Royal Statistical Society: Series B (Statistical Methodology)},
  volume={74},
  number={3},
  pages={419--474},
  year={2012},
  publisher={Wiley Online Library}
}

@article{marjoram2003markov,
  title={Markov chain Monte Carlo without likelihoods},
  author={Marjoram, Paul and Molitor, John and Plagnol, Vincent and Tavar{\'e}, Simon},
  journal={Proceedings of the National Academy of Sciences},
  volume={100},
  number={26},
  pages={15324--15328},
  year={2003},
  publisher={National Acad Sciences}
}

@article{wilkinson2013approximate,
  title={Approximate Bayesian computation (ABC) gives exact results under the assumption of model error},
  author={Wilkinson, Richard David},
  journal={Statistical applications in genetics and molecular biology},
  volume={12},
  number={2},
  pages={129--141},
  year={2013}
}
@article{dean2014parameter,
  title={Parameter estimation for hidden Markov models with intractable likelihoods},
  author={Dean, Thomas A and Singh, Sumeetpal S and Jasra, Ajay and Peters, Gareth W},
  journal={Scandinavian Journal of Statistics},
  volume={41},
  number={4},
  pages={970--987},
  year={2014},
  publisher={Wiley Online Library}
}

@article{marin2012approximate,
  title={Approximate Bayesian computational methods},
  author={Marin, Jean-Michel and Pudlo, Pierre and Robert, Christian P and Ryder, Robin J},
  journal={Statistics and Computing},
  volume={22},
  number={6},
  pages={1167--1180},
  year={2012},
  publisher={Springer}
}

@article{grelaud2009abc,
  title={ABC likelihood-free methods for model choice in Gibbs random fields},
  author={Grelaud, Aude and Robert, Christian P and Marin, Jean-Michel and Rodolphe, Fran{\c{c}}ois and Taly, Jean-Fran{\c{c}}ois and others},
  journal={Bayesian Analysis},
  volume={4},
  number={2},
  pages={317--335},
  year={2009},
  publisher={International Society for Bayesian Analysis}
}


@article{joyce2008approximately,
  title={Approximately sufficient statistics and Bayesian computation},
  author={Joyce, Paul and Marjoram, Paul},
  journal={Statistical applications in genetics and molecular biology},
  volume={7},
  number={1},
  year={2008}
}

@article{li1991sliced,
  title={Sliced inverse regression for dimension reduction},
  author={Li, Ker-Chau},
  journal={Journal of the American Statistical Association},
  volume={86},
  number={414},
  pages={316--327},
  year={1991},
  publisher={Taylor \& Francis}
}

@article{li1992principal,
  title={On principal Hessian directions for data visualization and dimension reduction: another application of Stein's lemma},
  author={Li, Ker-Chau},
  journal={Journal of the American Statistical Association},
  volume={87},
  number={420},
  pages={1025--1039},
  year={1992},
  publisher={Taylor \& Francis}
}



    @article{1991,
     jstor_articletype = {research-article},
     title = {Sliced Inverse Regression for Dimension Reduction: Comment},
     author = {Cook, R. Dennis and Weisberg, Sanford},
     journal = {Journal of the American Statistical Association},
     jstor_issuetitle = {},
     volume = {86},
     number = {414},
     jstor_formatteddate = {Jun., 1991},
     pages = {pp. 328-332},
     url = {http://www.jstor.org/stable/2290564},
     ISSN = {01621459},
     abstract = {},
     language = {English},
     year = {1991},
     publisher = {Taylor & Francis, Ltd. on behalf of the American Statistical Association},
     copyright = {Copyright Â© 1991 American Statistical Association},
    }



@article{cook1998principal,
  title={Principal Hessian directions revisited},
  author={Cook, R Dennis},
  journal={Journal of the American Statistical Association},
  volume={93},
  number={441},
  pages={84--94},
  year={1998},
  publisher={Taylor \& Francis}
}

@article{cook2002dimension,
  title={Dimension reduction for conditional mean in regression},
  author={Cook, R Dennis and Li, Bing},
  journal={Annals of Statistics},
  pages={455--474},
  year={2002},
  publisher={JSTOR}
}

@article{xia2002adaptive,
  title={An adaptive estimation of dimension reduction space},
  author={Xia, Yingcun and Tong, Howell and Li, WK and Zhu, Li-Xing},
  journal={Journal of the Royal Statistical Society: Series B (Statistical Methodology)},
  volume={64},
  number={3},
  pages={363--410},
  year={2002},
  publisher={Wiley Online Library}
}

@article{li2005contour,
  title={Contour regression: a general approach to dimension reduction},
  author={Li, Bing and Zha, Hongyuan and Chiaromonte, Francesca},
  journal={Annals of statistics},
  pages={1580--1616},
  year={2005},
  publisher={JSTOR}
}

@article{li2009dimension,
  title={Dimension reduction for nonelliptically distributed predictors},
  author={Li, Bing and Dong, Yuexiao},
  journal={The Annals of Statistics},
  pages={1272--1298},
  year={2009},
  publisher={JSTOR}
}

@article{wu2008kernel,
  title={Kernel sliced inverse regression with applications to classification},
  author={Wu, Han-Ming},
  journal={Journal of Computational and Graphical Statistics},
  volume={17},
  number={3},
  year={2008}
}

@article{yeh2009nonlinear,
  title={Nonlinear dimension reduction with kernel sliced inverse regression},
  author={Yeh, Yi-Ren and Huang, Su-Yun and Lee, Yuh-Jye},
  journal={Knowledge and Data Engineering, IEEE Transactions on},
  volume={21},
  number={11},
  pages={1590--1603},
  year={2009},
  publisher={IEEE}
}

@article{su2011partial,
  title={Partial envelopes for efficient estimation in multivariate linear regression},
  author={Su, Zhihua and Cook, R Dennis},
  journal={Biometrika},
  pages={asq063},
  year={2011},
  publisher={Biometrika Trust}
}

@article{su2012inner,
  title={Inner envelopes: efficient estimation in multivariate linear regression},
  author={Su, Zhihua and Cook, R Dennis},
  journal={Biometrika},
  volume={99},
  number={3},
  pages={687--702},
  year={2012},
  publisher={Biometrika Trust}
}

@article{li2011principal,
  title={Principal support vector machines for linear and nonlinear sufficient dimension reduction},
  author={Li, Bing and Artemiou, Andreas and Li, Lexin},
  journal={The Annals of Statistics},
  pages={3182--3210},
  year={2011},
  publisher={JSTOR}
}

@article{martin2013inferential,
  title={Inferential models: A framework for prior-free posterior probabilistic inference},
  author={Martin, Ryan and Liu, Chuanhai},
  journal={Journal of the American Statistical Association},
  volume={108},
  number={501},
  pages={301--313},
  year={2013},
  publisher={Taylor \& Francis}
}

@article{martin2015conditional,
  title={Conditional inferential models: combining information for prior-free probabilistic inference},
  author={Martin, Ryan and Liu, Chuanhai},
  journal={Journal of the Royal Statistical Society: Series B (Statistical Methodology)},
  volume={77},
  number={1},
  pages={195--217},
  year={2015},
  publisher={Wiley Online Library}
}
@article{rivoirard2012bernstein,
  title={Bernstein--von Mises theorem for linear functionals of the density},
  author={Rivoirard, Vincent and Rousseau, Judith and others},
  journal={The Annals of Statistics},
  volume={40},
  number={3},
  pages={1489--1523},
  year={2012},
  publisher={Institute of Mathematical Statistics}
}
@article{ghosh2011moment,
  title={Moment matching priors},
  author={Ghosh, Malay and Liu, Ruitao},
  journal={Sankhya A},
  volume={73},
  number={2},
  pages={185--201},
  year={2011},
  publisher={Springer}
}

@article{marin2014relevant,
  title={Relevant statistics for Bayesian model choice},
  author={Marin, Jean-Michel and Pillai, Natesh S and Robert, Christian P and Rousseau, Judith},
  journal={Journal of the Royal Statistical Society: Series B (Statistical Methodology)},
  volume={76},
  number={5},
  pages={833--859},
  year={2014},
  publisher={Wiley Online Library}
}

@article{prangle2014semi,
  title={Semi-automatic selection of summary statistics for ABC model choice},
  author={Prangle, Dennis and Fearnhead, Paul and Cox, Murray P and Biggs, Patrick J and French, Nigel P},
  journal={Statistical applications in genetics and molecular biology},
  volume={13},
  number={1},
  pages={67--82},
  year={2014}
}
@article{blum2013comparative,
  title={A comparative review of dimension reduction methods in approximate Bayesian computation},
  author={Blum, Michael GB and Nunes, Maria Antonieta and Prangle, Dennis and Sisson, Scott A and others},
  journal={Statistical Science},
  volume={28},
  number={2},
  pages={189--208},
  year={2013},
  publisher={Institute of Mathematical Statistics}
}
@article{bura2008distribution,
  title={On the distribution of the left singular vectors of a random matrix and its applications},
  author={Bura, E and Pfeiffer, R},
  journal={Statistics \& Probability Letters},
  volume={78},
  number={15},
  pages={2275--2280},
  year={2008},
  publisher={Elsevier}
}

@article{lebedev2003functional,
  title={Functional analysis in mechanics. Revised and extended translation of the Russian edition},
  author={Lebedev, L and Vorovich, I},
  journal={Springer Monographs in Mathematics. New York, NY: Springer. xi},
  year={2003}
}
